%% This BibTeX bibliography file was created using BibDesk.
%% https://bibdesk.sourceforge.io/

%% Created for Jeff McGough at 2021-09-11 14:25:23 -0600 


%% Saved with string encoding Unicode (UTF-8) 



@book{Siegwart:2004:IAM,
	address = {Scituate, MA, USA},
	author = {Siegwart, Roland and Nourbakhsh, Illah R.},
	isbn = {026219502X},
	publisher = {Bradford Company},
	title = {Introduction to Autonomous Mobile Robots},
	year = {2004}}

@book{okane:2014:GIR,
	author = {O'Kane, Jason M.},
	edition = {1st},
	isbn = {978-14-92143-23-9},
	publisher = {CreateSpace Independent Publishing Platform},
	title = {A Gentle Introduction to ROS},
	year = {2014}}

@book{strang:1988:LA,
	author = {Strang, Gilbert},
	edition = {1sr},
	isbn = {0155510053},
	publisher = {Brooks Cole},
	title = {Linear Algebra and Its Applications},
	year = {1988}}

@book{quigley:2015:PRR,
	address = {Sebastopol, CA, USA},
	author = {Morgan Quigley and Brian Gerkey and William Smart},
	edition = {1st},
	isbn = {978-1449323899},
	publisher = {O'Reilly Media},
	title = {Programming Robotics with ROS},
	year = {2015}}

@book{Choset:2005:PRM,
	address = {Cambridge, MA},
	author = {Howie Choset and Kevin M. Lynch and Seth Hutchinson and George A Kantor and Wolfram Burgard and Lydia E. Kavraki and Sebastian Thrun},
	booktitle = {Principles of Robot Motion: Theory, Algorithms, and Implementations},
	month = {June},
	notes = {ISBN 0-262-03327-5},
	publisher = {MIT Press},
	title = {Principles of Robot Motion: Theory, Algorithms, and Implementations},
	year = {2005}}

@book{Murphy:2000:IAR,
	address = {Cambridge, MA, USA},
	author = {Murphy, Robin R.},
	edition = {1st},
	isbn = {0262133830},
	publisher = {MIT Press},
	title = {Introduction to AI Robotics},
	year = {2000}}

@book{Dudek:2000:CPM,
	address = {New York, NY, USA},
	author = {Dudek, Gregory and Jenkin, Michael},
	isbn = {0-521-56876-5},
	publisher = {Cambridge University Press},
	title = {Computational principles of mobile robotics},
	year = {2000}}

@book{Braunl:2006:ERM,
	address = {Berlin, Heidelberg},
	author = {Br\"{a}unl, Thomas},
	isbn = {3540343180},
	publisher = {Springer-Verlag},
	title = {Embedded Robotics: Mobile Robot Design and Applications with Embedded Systems},
	year = {2006}}

@book{lavalle2006,
	address = {Cambridge, U.K.},
	author = {S. M. LaValle},
	note = {Available at http://planning.cs.uiuc.edu/},
	publisher = {Cambridge University Press},
	title = {Planning Algorithms},
	year = {2006}}

@book{thrun2005probabilistic,
	author = {Thrun, S. and Burgard, W. and Fox, D.},
	isbn = {9780262201629},
	lccn = {2005043346},
	publisher = {Mit Press},
	series = {Intelligent robotics and autonomous agents series},
	title = {Probabilistic Robotics},
	url = {http://books.google.com/books?id=k\_yOQgAACAAJ},
	year = {2005},
	Bdsk-Url-1 = {http://books.google.com/books?id=k%5C_yOQgAACAAJ}}

@book{munkres2000topology,
	author = {Munkres, J.R.},
	isbn = {9780131816299},
	lccn = {99052942},
	publisher = {Prentice Hall, Incorporated},
	title = {Topology},
	url = {http://books.google.com/books?id=XjoZAQAAIAAJ},
	year = {2000},
	Bdsk-Url-1 = {http://books.google.com/books?id=XjoZAQAAIAAJ}}

@book{kelly2013mobile,
	author = {Kelly, A.},
	isbn = {9781107031159},
	lccn = {2013022113},
	publisher = {Cambridge University Press},
	title = {Mobile Robotics: Mathematics, Models, and Methods},
	url = {http://books.google.com/books?id=laxZAQAAQBAJ},
	year = {2013},
	Bdsk-Url-1 = {http://books.google.com/books?id=laxZAQAAQBAJ}}

@book{nolfi2000evolutionary,
	author = {NOLFI, S.A. and FLOREANO, D.A.},
	isbn = {9780262140706},
	lccn = {00028172},
	publisher = {A BRADFORD BOOK/THE MIT PRESS},
	series = {A Bradford book},
	title = {Evolutionary Robotics: The Biology, Intelligence, and Technology of Self-Organizing Machines},
	url = {http://books.google.com/books?id=v300ui\_1eZ4C},
	year = {2000},
	Bdsk-Url-1 = {http://books.google.com/books?id=v300ui%5C_1eZ4C}}

@book{siciliano2009robotics,
	author = {Siciliano, B. and Sciavicco, L.},
	isbn = {9781846286414},
	lccn = {2008939574},
	publisher = {Springer},
	series = {Advanced Textbooks in Control and Signal Processing},
	title = {Robotics: Modelling, Planning and Control},
	url = {http://books.google.com/books?id=jPCAFmE-logC},
	year = {2009},
	Bdsk-Url-1 = {http://books.google.com/books?id=jPCAFmE-logC}}

@book{siciliano2008springer,
	author = {Siciliano, B. and Khatib, O.},
	isbn = {9783540239574},
	lccn = {2007942155},
	publisher = {Springer},
	series = {Gale virtual reference library},
	title = {Springer Handbook of Robotics},
	url = {http://books.google.com/books?id=Xpgi5gSuBxsC},
	year = {2008},
	Bdsk-Url-1 = {http://books.google.com/books?id=Xpgi5gSuBxsC}}

@book{niku2010introduction,
	author = {Niku, S.},
	isbn = {9780470604465},
	lccn = {2010024723},
	publisher = {John Wiley \& Sons},
	title = {Introduction to Robotics},
	url = {http://books.google.com/books?id=2V4aGvlGt7IC},
	year = {2010},
	Bdsk-Url-1 = {http://books.google.com/books?id=2V4aGvlGt7IC}}

@book{arkin2009governing,
	author = {Arkin, R.},
	isbn = {9781420085952},
	lccn = {2009011782},
	publisher = {Taylor \& Francis},
	title = {Governing Lethal Behavior in Autonomous Robots},
	url = {http://books.google.com/books?id=rIsJ\_QXDdEUC},
	year = {2009},
	Bdsk-Url-1 = {http://books.google.com/books?id=rIsJ%5C_QXDdEUC}}

@book{dictionary,
	author = {Houghton Mifflin Company},
	publisher = {Houghton Mifflin Company},
	title = {The American Heritage Dictionary of the English Language},
	year = 2009}

@misc{scipy,
	author = {Eric Jones and Travis Oliphant and Pearu Peterson and others},
	title = {{SciPy}: Open source scientific tools for {Python}},
	url = {http://www.scipy.org/},
	year = {2001--},
	Bdsk-Url-1 = {http://www.scipy.org/}}

@article{Hunter:2007,
	abstract = {Matplotlib is a 2D graphics package used for Python
  for application development, interactive scripting, and
  publication-quality image generation across user
  interfaces and operating systems.},
	author = {Hunter, J. D.},
	journal = {Computing In Science \& Engineering},
	number = {3},
	pages = {90--95},
	publisher = {IEEE COMPUTER SOC},
	title = {Matplotlib: A 2D graphics environment},
	volume = {9},
	year = 2007}

@misc{Asimo,
	author = {Wikipedia},
	howpublished = {\url{https://en.wikipedia.org/wiki/ASIMO#/media/File:2005_Honda_ASIMO_01.JPG}},
	note = {Public Domain Image},
	title = {Asimo},
	year = 2018}

@misc{Kuka,
	author = {Wikipedia},
	howpublished = {\url{https://en.wikipedia.org/wiki/Industrial_robot#/media/File:Automation_of_foundry_with_robot.jpg}},
	note = {Public Domain Image},
	title = {Kuka},
	year = 2018}

@misc{Repliee,
	author = {BradBeattie, English Language Wikipedia},
	howpublished = {\url{https://en.wikipedia.org/wiki/Actroid#/media/File:Repliee_Q2.jpg}},
	note = {Creative Commons License},
	title = {Repliee},
	year = 2018}

@misc{ATHLETE,
	author = {Wikipedia},
	howpublished = {\url{https://en.wikipedia.org/wiki/ATHLETE#/media/File:ATHLETE_robot_climbing_a_hill.jpg}},
	note = {Public Domain Image},
	title = {ATHLETE},
	year = 2018}

@misc{Roomba,
	author = {Wikimedia Commons},
	howpublished = {\url{https://commons.wikimedia.org/wiki/File:Roomba_Discovery.jpg}},
	note = {Wikimedia Commons},
	title = {Roomba},
	year = 2018}

@misc{DrillingRover,
	author = {NASA},
	howpublished = {\url{https://www.nasa.gov/centers/glenn/multimedia/imagegallery/if034_scarab_rover.html#.WvyWddMvw9s}},
	note = {Public Domain Image},
	title = {Drilling Rover},
	year = 2018}

@misc{Keepon,
	author = {Wikimedia Commons},
	howpublished = {\url{https://en.wikipedia.org/wiki/Keepon#/media/File:KeeponTophatNextfest2007.jpg}},
	note = {Wikimedia Commons},
	title = {Keepon},
	year = 2018}

@misc{IEDbot,
	author = {Wikimedia Commons},
	howpublished = {\url{https://en.wikipedia.org/wiki/Improvised_explosive_device#/media/File:IED_detonator.jpg}},
	note = {Wikimedia Commons},
	title = {IED Robot},
	year = 2018}

@misc{DaVinci,
	author = {Nimur, English language Wikipedia},
	howpublished = {\url{https://commons.wikimedia.org/wiki/File:Laproscopic_Surgery_Robot.jpg}},
	note = {Creative Commons License},
	title = {DaVinci},
	year = 2018}

@misc{WGPR2,
	author = {Nimur, English language Wikipedia},
	howpublished = {\url{https://commons.wikimedia.org/wiki/File:PR2_Tabletop.jpg}},
	note = {Wikimedia Commons},
	title = {Willow Garage PR2},
	year = 2018}

@misc{Robonaut,
	author = {NASA},
	howpublished = {\url{https://en.wikipedia.org/wiki/Robonaut#/media/File:Robonaut2_-_first_movement_aboard_ISS.jpg}},
	note = {Wikimedia Commons},
	title = {NASA Robonaut},
	year = 2018}

@misc{Robocup,
	author = {Wikimedia Commons},
	howpublished = {\url{https://commons.wikimedia.org/wiki/File:RUNSWift_Naos_2010.jpg}},
	note = {Wikimedia Commons},
	title = {Robocup},
	year = 2018}

@misc{TelePR,
	author = {Wikimedia Commons},
	howpublished = {\url{https://commons.wikimedia.org/wiki/File:Suitable_Technologies_Beam_telepresence_robot.jpg}},
	note = {Wikimedia Commons},
	title = {Teleoperation},
	year = 2018}

@misc{ROV,
	author = {Wikimedia Commons},
	howpublished = {\url{https://commons.wikimedia.org/wiki/File:ROV_working_on_a_subsea_structure.jpg}},
	note = {Wikimedia Commons},
	title = {Underwater Robot},
	year = 2018}

@misc{Justus,
	author = {Matti Paavola, English language Wikipedia},
	howpublished = {\url{https://commons.wikimedia.org/wiki/File:Justus_robot_in_Krakow_Poland_Aug2009.jpg}},
	note = {Creative Commons License},
	title = {Security Robot},
	year = 2018}

@misc{RHex,
	author = {Wikipedia},
	howpublished = {\url{https://en.wikipedia.org/wiki/Rhex}},
	note = {Public Domain},
	title = {RHex},
	year = 2018}

@misc{Antikythera,
	author = {Tilemahos Efthimiadis},
	howpublished = {\url{https://commons.wikimedia.org/wiki/File:The_Antikythera_Mechanism_(3471171927).jpg}},
	note = {Athens, Greece, Creative Commons License - Public Domain},
	title = {Antikythera},
	year = 2018}

@misc{AlJazari,
	author = {Wikipedia},
	howpublished = {\url{https://en.wikipedia.org/wiki/Ismail_al-Jazari#/media/File:Al-Jazari_-_A_Musical_Toy.jpg}},
	note = {Public Domain},
	title = {AlJazari},
	year = 2018}

@misc{Robocup2,
	author = {Wikipedia},
	howpublished = {\url{https://en.wikipedia.org/wiki/RoboCup_Standard_Platform_League#/media/File:RUNSWift_AIBOS.jpg}},
	note = {Public Domain},
	title = {Robocup},
	year = 2018}

@article{dubins,
	author = {L.E. Dubins},
	journal = {American {J}ournal of {M}athematics},
	month = {July},
	number = 3,
	pages = {497--516},
	title = {{O}n {C}urves of {M}inimal {L}ength with a {C}onstraint on {A}verage {C}urvature, and with {P}rescribed {I}nitial and {T}erminal {P}ositions and {T}angents.},
	volume = 79,
	year = 1957}

@article{reeds,
	author = {J.A. Reeds and L.A. Shepp},
	journal = {Pacific {J}ournal of {M}athematics},
	number = 2,
	pages = {367--393},
	title = {{O}ptimal {P}aths for a {C}ar that {G}oes {B}oth {F}orward and {B}ackwards},
	volume = 145,
	year = 1990}

@techreport{sussman,
	address = {Piscataway, NJ},
	author = {H. Sussman and G. Tang},
	institution = {Dept. of Mathematics, Rutgers University},
	number = {91-10},
	title = {{S}hortest {P}aths for the {R}eed-{S}hepp {C}ar: {A} {W}orked {O}ut {E}xample of the {U}se of {G}eometric {T}echniques in {N}onlinear {O}ptimal {C}ontrol},
	type = {Technical Report {SYNCON}},
	year = 1991}

@article{lumelsky:1987,
	author = {V. Lumelsky and A. Stepanov},
	journal = {Algorithmica},
	pages = {403--430},
	title = {Path planning strategies for point mobile automation moving amidst unknown obstacles of arbirary shape},
	year = {1987}}

@article{khatib:1985,
	author = {O. Khatib},
	journal = {In Proceedings of the IEEE International Conference on Robotics and Automation},
	month = {March},
	pages = {500--505},
	title = {Real time obstacle avoidance for manipulators and mobile robots.},
	year = 1985}

@misc{ros:rep:119,
	author = {M. Wise and T. Foote},
	howpublished = {\url{http://www.ros.org/reps/rep-0119.html}},
	note = {[Online; accessed September 15, 2013]},
	title = {REP 119 -- Specification for TurtleBot Compatible Platforms},
	year = {2011}}

@misc{ros:turtlebot,
	author = {Willow Garage},
	howpublished = {\url{http://www.willowgarage.com/sites/default/files/robots_turtlebot/TurtleBot-Front-640w.png}},
	note = {[Online; accessed September 15, 2013]},
	title = {TurtleBot},
	year = {2011}}
