@misc{wiki:wheel,
   author = "Wikipedia",
   title = "Wheel --- {W}ikipedia{,} The Free Encyclopedia",
   year = "2013",
   howpublished = "\url{http://en.wikipedia.org/wiki/Wheel}",
   note = "[Online; accessed Oct. 27, 2013]"
 }


@misc{wiki:actroid,
   author = "Wikipedia",
   title = "Actroid --- {W}ikipedia{,} The Free Encyclopedia",
   year = "2013",
   howpublished = "\url{http://en.wikipedia.org/wiki/File:Actroid-DER_01.jpg}",
   note = "[Online; accessed June 23, 2013]"
 }


@misc{wiki:asimo,
   author = "Wikipedia",
   title = "ASIMO --- {W}ikipedia{,} The Free Encyclopedia",
   year = "2013",
   howpublished = " \url{http://upload.wikimedia.org/wikipedia/commons/thumb/0/05/HONDA_ASIMO.jpg/450px-HONDA_ASIMO.jpg} ",
   note = "[Online; accessed June 23, 2013]"
 }


@misc{wiki:fanuc,
   author = "Wikipedia",
   title = "FANUC --- {W}ikipedia{,} The Free Encyclopedia",
   year = "2013",
   howpublished = "  \url{http://upload.wikimedia.org/wikipedia/en/thumb/9/9b/FANUC_6-axis_welding_robots.jpg/1280px-FANUC_6-axis_welding_robots.jpg}",
   note = "[Online; accessed June 23, 2013]"
 }


@misc{wiki:ied,
   author = "Wikipedia",
   title = "IED Detonator --- {W}ikipedia{,} The Free Encyclopedia",
   year = "2013",
   howpublished = "\url{http://upload.wikimedia.org/wikipedia/commons/thumb/a/a5/IED_detonator.jpg/754px-IED_detonator.jpg} ",
   note = "[Online; accessed June 23, 2013]"
 }

@misc{wiki:roomba,
   author = "Wikipedia",
   title = "iRobot Roomba --- {W}ikipedia{,} The Free Encyclopedia",
   year = "2013",
   howpublished = "\url{http://upload.wikimedia.org/wikipedia/commons/thumb/f/f5/Roomba_original.jpg/350px-Roomba_original.jpg}",
   note = "[Online; accessed June 23, 2013]"
 }

 @misc{wiki:laproscopic,
   author = "Wikipedia",
   title = "Laproscopic Robot. --- {W}ikipedia{,} The Free Encyclopedia",
   year = "2013",
   howpublished = "\url{http://upload.wikimedia.org/wikipedia/commons/0/0d/Laproscopic_Surgery_Robot.jpg}",
   note = "[Online; accessed June 23, 2013]"
 }

@misc{wiki:pr2,
   author = "Wikipedia",
   title = "PR2 --- {W}ikipedia{,} The Free Encyclopedia",
   year = "2013",
   howpublished = "\url{http://upload.wikimedia.org/wikipedia/commons/0/09/PR2_robot_at_RoboGames.jpg}",
   note = "[Online; accessed June 23, 2013]"
 }

@misc{wiki:robocup,
   author = "Wikipedia",
   title = "Robocup --- {W}ikipedia{,} The Free Encyclopedia",
   year = "2013",
   howpublished = " \url{http://upload.wikimedia.org/wikipedia/commons/a/a9/RUNSWift_Naos_2010.jpg}",
   note = "[Online; accessed June 23, 2013]"
 }

@misc{wiki:hexapod,
   author = "Wikipedia",
   title = "Hexapod --- {W}ikipedia{,} The Free Encyclopedia",
   year = "2013",
   howpublished = " \url{http://upload.wikimedia.org/wikipedia/en/4/47/Hexapod.jpg} ",
   note = "[Online; accessed June 23, 2013]"
 }

@misc{wiki:rhex,
   author = "Wikipedia",
   title = "RHex --- {W}ikipedia{,} The Free Encyclopedia",
   year = "2013",
   howpublished = "\url{http://upload.wikimedia.org/wikipedia/en/7/70/Rhex.jpg} ",
   note = "[Online; accessed June 23, 2013]"
 }

@misc{wiki:aqua,
   author = "Wikipedia",
   title = "AQUA --- {W}ikipedia{,} The Free Encyclopedia",
   year = "2013",
   howpublished = " \url{http://epitome.cim.mcgill.ca:8080/AQUA/MoreUnlistedPhotos/target_frame.jpg} ",
   note = "[Online; accessed June 23, 2013]"
 }

@misc{wiki:keepon,
   author = "Wikipedia",
   title = "KeepOn --- {W}ikipedia{,} The Free Encyclopedia",
   year = "2013",
   howpublished = " \url{http://upload.wikimedia.org/wikipedia/commons/6/63/KeeponTophatNextfest2007.jpg} ",
   note = "[Online; accessed June 23, 2013]"
 }

@misc{wiki:keepon2,
   author = "Wikipedia",
   title = "KeepOn --- {W}ikipedia{,} The Free Encyclopedia",
   year = "2013",
   howpublished = "  \url{http://upload.wikimedia.org/wikipedia/commons/6/62/Keepon.jpg} ",
   note = "[Online; accessed June 23, 2013]"
 }


@misc{wiki:telepresence,
   author = "Wikipedia",
   title = "Telepresence Robot --- {W}ikipedia{,} The Free Encyclopedia",
   year = "2013",
   howpublished = " \url{http://spectrum.ieee.org/automaton/robotics/industrial-robots/irobot-cisco-ava-500-telepresence-robot} ",
   note = "[Online; accessed June 23, 2013]"
 }


@misc{wiki:justus,
   author = "Wikipedia",
   title = "Justus Robot --- {W}ikipedia{,} The Free Encyclopedia",
   year = "2013",
   howpublished = "  \url{https://upload.wikimedia.org/wikipedia/commons/thumb/8/83/Justus_robot_in_Krakow_Poland_Aug2009.jpg/800px-Justus_robot_in_Krakow_Poland_Aug2009.jpg}",
   note = "[Online; accessed June 23, 2013]"
 }


@misc{wiki:lloyd,
   author = "Wikipedia",
   title = "Duct Cleaning --- {W}ikipedia{,} The Free Encyclopedia",
   year = "2013",
   howpublished = "  \url{http://www.lloydssystems.com/images/main3.jpg}",
   note = "[Online; accessed June 23, 2013]"
 }

@misc{wiki:robonaut,
   author = "Wikipedia",
   title = "Robonaut --- {W}ikipedia{,} The Free Encyclopedia",
   year = "2013",
   howpublished = " \url{http://www.nasa.gov/mission_pages/station/research/experiments/Robonaut1.jpg} ",
   note = "[Online; accessed June 23, 2013]"
 }

@misc{wiki:kiva,
   author = "Kiva Systems",
   title = "Kiva Systems",
   year = "2013",
   howpublished = " \url{http://www.robotshop.com/blog/en/files/Kiva-Systems.jpg}",
   note = "[Online; accessed June 23, 2013]"
 }


@misc{wiki:antik,
   author = "Antikythera --- {W}ikipedia{,} The Free Encyclopedia",
   title = "Antikythera",
   year = "2013",
   howpublished = "\url{http://en.wikipedia.org/wiki/Antikythera_mechanism}",
   note = "[Online; accessed June 23, 2013]"
 }

@misc{wiki:aljazari,
   author = "Al-Jazari's Mechanical Musical Boat --- {W}ikipedia{,} The Free Encyclopedia",
   title = "Al-Jazari's Mechanical Musical Boat",
   year = "2013",
   howpublished = "\url{https://upload.wikimedia.org/wikipedia/commons/c/ce/Al-Jazari_-_A_Musical_Toy.jpg}",
   note = "[Online; accessed June 23, 2013]"
 }


@misc{wiki:bigdog,
   author = "Boston Dynamic's BigDog --- {W}ikipedia{,} The Free Encyclopedia",
   title = "Boston Dynamic's BigDog",
   year = "2013",
   howpublished = "\url{http://upload.wikimedia.org/wikipedia/commons/d/dd/Big_dog_military_robots.jpg} ",
   note = "[Online; accessed June 23, 2013]"
 }

@misc{wiki:googlecar,
   author = "Google's Robotic Prius --- {W}ikipedia{,} The Free Encyclopedia",
   title = "Google's Robotic Prius",
   year = "2013",
   howpublished = "\url{http://upload.wikimedia.org/wikipedia/commons/e/ec/Jurvetson_Google_driverless_car_trimmed.jpg}",
   note = "[Online; accessed June 23, 2013]"
 }

@misc{wiki:quadswarm,
   author = "Erico Guizzo",
   title = "Video: Watch Flying Robots Build a 6-Meter Tower",
   year = "2013",
   howpublished = "\url{http://spectrum.ieee.org/automaton/robotics/diy/video-watch-flying-robots-build-a-6-meter-tower}",
   note = "[Online; accessed June 23, 2013]"
 }

@misc{wiki:pr2b,
   author = "PR2  Willow Garage--- {W}ikipedia{,} The Free Encyclopedia",
   title = "Willow Garage's PR2",
   year = "2013",
   howpublished = "\url{http://en.wikipedia.org/wiki/Willow_Garage}",
   note = "[Online; accessed June 23, 2013]"
 }

 @misc{wiki:industrialrobot,
   author = "Industrial Robot--- {W}ikipedia{,} The Free Encyclopedia",
   title = "Industrial Robot",
   year = "2013",
   howpublished = "\url{http://en.wikipedia.org/wiki/Industrial_robot}",
   note = "[Online; accessed June 23, 2013]"
 }


 @misc{wiki:programming,
   author = "Computer Programming--- {W}ikipedia{,} The Free Encyclopedia",
   title = "Computer Programming",
   year = "2013",
   howpublished = "\url{http://en.wikipedia.org/wiki/Computer_programming}",
   note = "[Online; accessed June 23, 2013]"
 }

@misc{eng:turtlebot2,
   author = "B. Heather",
   title = "Willow Garage talks TurtleBot 2 (video)",
   year = "2012",
   howpublished = "\url{http://www.engadget.com/2012/11/20/willow-garage-talks-turtlebot-2-video/}",
   note = "[Online; accessed September 15, 2013]"
 }

 @misc{turtlebot:turtlebot2,
   author = "Open Source Robotics Foundation",
   title = "TurtleBot 2",
   year = "2012",
   howpublished = "\url{http://www.turtlebot.com/assets/templates/turtlebot/img/turtlebot_2_lg.png}",
   note = "[Online; accessed September 15, 2013]"
 }
