

%%%%%%%  Books %%%%%%

@book{Siegwart:2004:IAM,
 author = {Siegwart, Roland and Nourbakhsh, Illah R.},
 title = {Introduction to Autonomous Mobile Robots},
 year = {2004},
 isbn = {026219502X},
 publisher = {Bradford Company},
 address = {Scituate, MA, USA},
}


@book{okane:2014:GIR,
 author = {O'Kane, Jason M.},
 title = {A Gentle Introduction to ROS},
 year = {2014},
 isbn = {978-14-92143-23-9},
 edition = {1st},
 publisher = {CreateSpace Independent Publishing Platform},
}


@book{strang:1988:LA,
 author = {Strang, Gilbert},
 title = {Linear Algebra and Its Applications},
 year = {1988},
 isbn = {0155510053},
edition = {1sr},
 publisher = {Brooks Cole},
}



@book{quigley:2015:PRR,
 author = {Morgan Quigley and Brian Gerkey and William Smart},
 title = {Programming Robotics with ROS},
 year = {2015},
 isbn = {978-1449323899},
 edition = {1st},
 publisher = {O'Reilly Media},
 address = {Sebastopol, CA, USA},
}

@book{Choset:2005:PRM,
   author = "Howie Choset and Kevin M. Lynch and Seth Hutchinson and George A Kantor and Wolfram Burgard and Lydia E. Kavraki and Sebastian Thrun",
   title = "Principles of Robot Motion: Theory, Algorithms, and Implementations",
   booktitle = "Principles of Robot Motion: Theory, Algorithms, and Implementations",
   publisher = "MIT Press",
   address = "Cambridge, MA",
   month = "June",
   year = "2005",
   Notes = "ISBN 0-262-03327-5",
}


@book{Murphy:2000:IAR,
 author = {Murphy, Robin R.},
 title = {Introduction to AI Robotics},
 year = {2000},
 isbn = {0262133830},
 edition = {1st},
 publisher = {MIT Press},
 address = {Cambridge, MA, USA},
}


@book{Dudek:2000:CPM,
 author = {Dudek, Gregory and Jenkin, Michael},
 title = {Computational principles of mobile robotics},
 year = {2000},
 isbn = {0-521-56876-5},
 publisher = {Cambridge University Press},
 address = {New York, NY, USA},
}

@book{Braunl:2006:ERM,
 author = {Br\"{a}unl, Thomas},
 title = {Embedded Robotics: Mobile Robot Design and Applications with Embedded Systems},
 year = {2006},
 isbn = {3540343180},
 publisher = {Springer-Verlag},
 address = {Berlin, Heidelberg},
}

@book{lavalle2006,
  author       = {S. M. LaValle},
  title        = {Planning Algorithms},
  publisher    = {Cambridge University Press},
  address      = {Cambridge, U.K.},
  note         = {Available at http://planning.cs.uiuc.edu/},
  year         = {2006},
}

@book{thrun2005probabilistic,
  title={Probabilistic Robotics},
  author={Thrun, S. and Burgard, W. and Fox, D.},
  isbn={9780262201629},
  lccn={2005043346},
  series={Intelligent robotics and autonomous agents series},
  url={http://books.google.com/books?id=k\_yOQgAACAAJ},
  year={2005},
  publisher={Mit Press},
}


@book{munkres2000topology,
  title={Topology},
  author={Munkres, J.R.},
  isbn={9780131816299},
  lccn={99052942},
  url={http://books.google.com/books?id=XjoZAQAAIAAJ},
  year={2000},
  publisher={Prentice Hall, Incorporated},
}

@book{kelly2013mobile,
  title={Mobile Robotics: Mathematics, Models, and Methods},
  author={Kelly, A.},
  isbn={9781107031159},
  lccn={2013022113},
  url={http://books.google.com/books?id=laxZAQAAQBAJ},
  year={2013},
  publisher={Cambridge University Press},
}



@book{nolfi2000evolutionary,
  title={Evolutionary Robotics: The Biology, Intelligence, and Technology of Self-Organizing Machines},
  author={NOLFI, S.A. and FLOREANO, D.A.},
  isbn={9780262140706},
  lccn={00028172},
  series={A Bradford book},
  url={http://books.google.com/books?id=v300ui\_1eZ4C},
  year={2000},
  publisher={A BRADFORD BOOK/THE MIT PRESS},
}

@book{siciliano2009robotics,
  title={Robotics: Modelling, Planning and Control},
  author={Siciliano, B. and Sciavicco, L.},
  isbn={9781846286414},
  lccn={2008939574},
  series={Advanced Textbooks in Control and Signal Processing},
  url={http://books.google.com/books?id=jPCAFmE-logC},
  year={2009},
  publisher={Springer}
}

@book{siciliano2008springer,
  title={Springer Handbook of Robotics},
  author={Siciliano, B. and Khatib, O.},
  isbn={9783540239574},
  lccn={2007942155},
  series={Gale virtual reference library},
  url={http://books.google.com/books?id=Xpgi5gSuBxsC},
  year={2008},
  publisher={Springer}
}

@book{niku2010introduction,
  title={Introduction to Robotics},
  author={Niku, S.},
  isbn={9780470604465},
  lccn={2010024723},
  url={http://books.google.com/books?id=2V4aGvlGt7IC},
  year={2010},
  publisher={John Wiley \& Sons}
}

@book{arkin2009governing,
  title={Governing Lethal Behavior in Autonomous Robots},
  author={Arkin, R.},
  isbn={9781420085952},
  lccn={2009011782},
  url={http://books.google.com/books?id=rIsJ\_QXDdEUC},
  year={2009},
  publisher={Taylor \& Francis}
}

@book{dictionary,
  title={The American Heritage Dictionary of the English Language},
  author = {Houghton Mifflin Company},
  year = 2009,
  publisher={Houghton Mifflin Company}
}

%%%%%%%%%%%%% Tools %%%%%%%%%%%%

@Misc{scipy,
  author =    {Eric Jones and Travis Oliphant and Pearu Peterson and others},
  title =     {{SciPy}: Open source scientific tools for {Python}},
  year =      {2001--},
  url = "http://www.scipy.org/"
}


@Article{Hunter:2007,
  Author    = {Hunter, J. D.},
  Title     = {Matplotlib: A 2D graphics environment},
  Journal   = {Computing In Science \& Engineering},
  Volume    = {9},
  Number    = {3},
  Pages     = {90--95},
  abstract  = {Matplotlib is a 2D graphics package used for Python
  for application development, interactive scripting, and
  publication-quality image generation across user
  interfaces and operating systems.},
  publisher = {IEEE COMPUTER SOC},
  year      = 2007
}

%%%%%%  Web derived images %%%%%%

@misc{Asimo,
  author = "Wikipedia",
  title = "Asimo",
  year = 2018,
   howpublished = "\url{https://en.wikipedia.org/wiki/ASIMO#/media/File:2005_Honda_ASIMO_01.JPG}",
   note = "Public Domain Image"
 }

@misc{Kuka,
  author = "Wikipedia",
  title = "Kuka",
  year = 2018,
   howpublished = "\url{https://en.wikipedia.org/wiki/Industrial_robot#/media/File:Automation_of_foundry_with_robot.jpg}",
   note = "Public Domain Image"
 }

@misc{Repliee,
  author = "BradBeattie, English Language Wikipedia",
  title = "Repliee",
  year = 2018,
   howpublished = "\url{https://en.wikipedia.org/wiki/Actroid#/media/File:Repliee_Q2.jpg}",
   note = "Creative Commons License "
 }

@misc{ATHLETE,
  author = "Wikipedia",
  title = "ATHLETE",
  year = 2018,
   howpublished = "\url{https://en.wikipedia.org/wiki/ATHLETE#/media/File:ATHLETE_robot_climbing_a_hill.jpg}",
   note = "Public Domain Image"
 }

@misc{Roomba,
  author = "Wikimedia Commons",
  title = "Roomba",
  year = 2018,
   howpublished = "\url{https://commons.wikimedia.org/wiki/File:Roomba_Discovery.jpg}",
   note = "Wikimedia Commons"
 }
 
 @misc{DrillingRover,
  author = "NASA",
  title = "Drilling Rover",
  year = 2018,
   howpublished = "\url{https://www.nasa.gov/centers/glenn/multimedia/imagegallery/if034_scarab_rover.html#.WvyWddMvw9s}",
   note = "Public Domain Image"
 }

@misc{Keepon,
  author = "Wikimedia Commons",
  title = "Keepon",
  year = 2018,
   howpublished = "\url{https://en.wikipedia.org/wiki/Keepon#/media/File:KeeponTophatNextfest2007.jpg}",
   note = "Wikimedia Commons"
 }

@misc{IEDbot,
  author = "Wikimedia Commons",
  title = "IED Robot",
  year = 2018,
   howpublished = "\url{https://en.wikipedia.org/wiki/Improvised_explosive_device#/media/File:IED_detonator.jpg}",
   note = "Wikimedia Commons"
 }

@misc{DaVinci,
  author = "Nimur, English language Wikipedia",
  title = "DaVinci",
  year = 2018,
   howpublished = "\url{https://commons.wikimedia.org/wiki/File:Laproscopic_Surgery_Robot.jpg}",
   note = "Creative Commons License "
 }

@misc{WGPR2,
  author = "Nimur, English language Wikipedia",
  title = "Willow Garage PR2",
  year = 2018,
   howpublished = "\url{https://commons.wikimedia.org/wiki/File:PR2_Tabletop.jpg}",
   note = "Wikimedia Commons"
 }

@misc{Robonaut,
  author = "NASA",
  title = "NASA Robonaut",
  year = 2018,
   howpublished = "\url{https://en.wikipedia.org/wiki/Robonaut#/media/File:Robonaut2_-_first_movement_aboard_ISS.jpg}",
   note = "Wikimedia Commons"
 }

@misc{Robocup,
  author = "Wikimedia Commons",
  title = "Robocup",
  year = 2018,
   howpublished = "\url{https://commons.wikimedia.org/wiki/File:RUNSWift_Naos_2010.jpg}",
   note = "Wikimedia Commons"
 }

@misc{TelePR,
  author = "Wikimedia Commons",
  title = "Teleoperation",
  year = 2018,
   howpublished = "\url{https://commons.wikimedia.org/wiki/File:Suitable_Technologies_Beam_telepresence_robot.jpg}",
   note = "Wikimedia Commons"
 }

@misc{ROV,
  author = "Wikimedia Commons",
  title = "Underwater Robot",
  year = 2018,
   howpublished = "\url{https://commons.wikimedia.org/wiki/File:ROV_working_on_a_subsea_structure.jpg}",
   note = "Wikimedia Commons"
 }
 
 @misc{Justus,
  author = "Matti Paavola, English language Wikipedia",
  title = "Security Robot",
  year = 2018,
   howpublished = "\url{https://commons.wikimedia.org/wiki/File:Justus_robot_in_Krakow_Poland_Aug2009.jpg}",
   note = "Creative Commons License"
 }

@misc{RHex,
  author = "Wikipedia",
  title = "RHex",
  year = 2018,
   howpublished = "\url{https://en.wikipedia.org/wiki/Rhex}",
   note = "Public Domain"
 }


@misc{Antikythera,
  author = "Tilemahos Efthimiadis",
  title = "Antikythera",
  year = 2018,
   howpublished = "\url{https://commons.wikimedia.org/wiki/File:The_Antikythera_Mechanism_(3471171927).jpg}",
   note = "Athens, Greece, Creative Commons License - Public Domain"
 }


@misc{AlJazari,
  author = "Wikipedia",
  title = "AlJazari",
  year = 2018,
   howpublished = "\url{https://en.wikipedia.org/wiki/Ismail_al-Jazari#/media/File:Al-Jazari_-_A_Musical_Toy.jpg}",
   note = "Public Domain"
 }


@misc{Robocup2,
  author = "Wikipedia",
  title = "Robocup",
  year = 2018,
   howpublished = "\url{https://en.wikipedia.org/wiki/RoboCup_Standard_Platform_League#/media/File:RUNSWift_AIBOS.jpg}",
   note = "Public Domain"
 }


%%%%%%%%% Articles  %%%%%%%%%%%%%%

@article{dubins,
	author	=	"L.E. Dubins",
	title	=	"{O}n {C}urves of {M}inimal {L}ength with a {C}onstraint on {A}verage {C}urvature, and with {P}rescribed {I}nitial and {T}erminal {P}ositions and {T}angents. ",
	journal =   "American {J}ournal of {M}athematics",
	volume  =	79,
	number	=	3,
	pages   =   "497--516",
	month   =  "July",
	year	=	1957}




@article{reeds,
	author	=	"J.A. Reeds and L.A. Shepp",
	title	=	"{O}ptimal {P}aths for a {C}ar that {G}oes {B}oth {F}orward and {B}ackwards",
	journal =   "Pacific {J}ournal of {M}athematics",
	volume  =	145,
	number	=	2,
	pages   =   "367--393",
	year	=	1990}


@techreport{sussman,
	author	=	"H. Sussman and G. Tang",
	title	=	"{S}hortest {P}aths for the {R}eed-{S}hepp {C}ar:  {A} {W}orked {O}ut {E}xample of the {U}se of {G}eometric {T}echniques in {N}onlinear {O}ptimal {C}ontrol",
	institution =   "Dept. of Mathematics, Rutgers University",
	type = "Technical Report {SYNCON}",
	number = "91-10",
	address = "Piscataway, NJ",
	year	=	1991}





@article{lumelsky:1987,
   author = "V. Lumelsky and A. Stepanov",
   title = "Path planning strategies for point mobile automation moving amidst unknown obstacles of arbirary shape",
   year = "1987",
   journal = "Algorithmica",
   pages = "403--430"
 }

 @article{khatib:1985,
   author = "O. Khatib",
   title =  "Real time obstacle avoidance for manipulators and mobile robots.",
   journal = "In Proceedings of the IEEE International Conference on Robotics and Automation",
   pages =  "500--505",
   month = "March",
  year = 1985
}
%%%%%%%%% ROS Wiki %%%%%%%%%%%%%%

 @misc{ros:rep:119,
   author = "M. Wise and T. Foote",
   title = "REP 119 -- Specification for TurtleBot Compatible Platforms",
   year = "2011",
   howpublished = "\url{http://www.ros.org/reps/rep-0119.html}",
   note = "[Online; accessed September 15, 2013]"
 }

 @misc{ros:turtlebot,
   author = "Willow Garage",
   title = "TurtleBot",
   year = "2011",
   howpublished = "\url{http://www.willowgarage.com/sites/default/files/robots_turtlebot/TurtleBot-Front-640w.png}",
   note = "[Online; accessed September 15, 2013]"
 }
